@article{Abbot2011,
  author = {Abbot, Dorian S. and Silber, Mary and Pierrehumbert, Raymond T.},
  title = {Bifurcations leading to summer Arctic sea ice loss},
  journal = {Journal of Geophysical Research: Atmospheres},
  year = {2011},
  volume = {116},
  doi = {10.1029/2011JD015653}
}

@article{Polyak2010,
  author = {Polyak, Leonid and Richard B. Alley and John T. Andrews and Julie Brigham-Grette and Thomas M. Cronin and Dennis A. Darby and Arthur S. Dyke and Joan J. Fitzpatrick and Svend Funder and Marika Holland},
  title = {History of Sea Ice in the Arctic},
  journal = {Quaternary Science Reviews},
  volume = {29},
  year = {2010}
}

@article{Greene2012,
  author = {Greene, Charles H. and Monger, Bruce C.},
  title = {An Arctic Wild Card in the Weather},
  journal = {Oceanography},
  year = {2012},
  volume = {25}
}

@book{Bitz2010,
  author = {Bitz, Cecilia M.},
  title = {Numerical modeling of sea ice in the climate system},
  year = {2010},
  url = {http://www.atmos.washington.edu/\textasciitilde bitz/Bitz_draftchapter.pdf}
}

@article{Baer1989,
  author = {Baer, Stephen and Erneux, T and Rinzel, J},
  title = {The Slow Passage Through a Hopf Bifurcation: Delay, Memory Effects, and Resonance},
  journal = {SIAM Journal on Applied Mathematics},
  year = {1989},
  volume = {49}
}

@misc{CrossChaos13,
  author = {Cross, Michael},
  url = {http://crossgroup.caltech.edu/Chaos_Course/Lesson13/Bifurcation.pdf},
  year = {1998}
}

@misc{VanVoorn2006,
  author = {van Voorn, G.A.K},
  title = {PhD mini course: introduction to bifurcation analysis},
  url = {http://www.bio.vu.nl/thb/research/project/globif/Globif_text.pdf},
  year = {2006}
}

@book{Crawford1989,
 title={Introduction to bifurcation theory},
 author={Crawford, J.D. and Kueny, C. and Saphir, B. and Shadwick, B.},
 year={1989},
 url = {http://www.osti.gov/scitech/biblio/5396551}
}

@book{Cross2000,
 title = {Physics 161: Introduction to Chaos},
 author = {Cross, Michael},
 year = {2000},
 url = {http://crossgroup.caltech.edu/Chaos_Course/}
}

@article{Francis2012,
 author = {Francis, Jennifer A. and Vavrus, Stephen J.},
 title = {Evidence linking Arctic amplification to extreme weather in mid-latitudes},
 journal = {Geophysical Research Letters},
 volume = {39},
 number = {6},
 year = {2012}
}

@website{Mpmath2013,
 author = {Johansson, Fredrik},
 title = {Precision and representation issues},
 url = {http://mpmath.googlecode.com/svn/trunk/doc/build/technical.html},
 year = {2011},
 accessyear = {2013},
 accessmonth = {September},
 accessday = {14},
 sitetitle = {mpmath v0.17 documentation}
}

@website{Cherry2009,
  author = {Cherry, William},
  title = {Eigenvalues, Eigenvectors, and Differential Equations},
  url = {http://wcherry.math.unt.edu/math2700/diffeq.pdf},
  year = {2013},
  sitetitle = {University of North Texas},
  accessyear = {2013},
  accessmonth = {September},
  accessday = {14}
}

@encyclopedia{PubMed2013,
  author = {Wisse, Brent},
  title = {Type 1 Diabetes},
  year = {2013},
  encyclopedia = {A.D.A.M.~Medical Encyclopedia},
  url = {http://www.ncbi.nlm.nih.gov/pubmedhealth/PMH0001350/}
}

@article{Mahaffy2007,
 author = {Mahaffy, Joseph M. and Edelstein-Keshet, Leah},
 title = {Modeling Cyclic Waves of Circulating T Cells in Autoimmune Diabetes},
 journal = {SIAM Journal on Applied Mathematics},
 volume = {67},
 number = {4},
 year = {2007}
}

@article{Trudeau2003,
 author = {Trudeau, Jacqueline D. and Kelly-Smith, Carolyn and Verchere, C. Bruce and Elliott, John F. and Dutz, Jan P. and Finegood, Diane T. and Santamaria, Pere and Tan, Rusung},
 title = {Prediction of spontaneous autoimmune diabetes in NOD mice by quantification of autoreactive T cells in peripheral blood},
 journal = {Journal of Clinical Investigation},
 volume = {111},
 number = {2},
 year = {2003}
}

@article{Daneman2006,
 author = {Daneman, Dennis},
 title = {Type 1 diabetes},
 journal = {The Lancet},
 volume = {367},
 number = {9513},
 year = {2006}
}

@website{Mpmath2013,
 author = {Johansson, Fredrik},
 title = {Precision and representation issues},
 url = {http://mpmath.googlecode.com/svn/trunk/doc/build/technical.html},
 year = {2011},
 accessyear = {2013},
 accessmonth = {September},
 accessday = {14},
 sitetitle = {mpmath v0.17 documentation}
}

@website{Gonsalves2009,
 author = {Gonsalves, Richard J},
 title = {Runge-Kutta Methods for ODE Systems},
 url = {http://www.physics.buffalo.edu/phy410-505-2009/topic3/lec-3-2.pdf},
 year = {2009},
 accessyear = {2013},
 accessmonth = {October},
 accessday = {24},
 sitetitle = {Computational Physics}
}